<record><leader>00000cas a22000007a 4500</leader><controlfield tag="001">18001093</controlfield><controlfield tag="008">880525d19371942nyuwr ne      0    0eng d</controlfield><datafield ind1=" " ind2=" " tag="010"><subfield code="a">sn 88074277 </subfield></datafield><datafield ind1=" " ind2=" " tag="040"><subfield code="a">NYS</subfield><subfield code="b">eng</subfield><subfield code="c">NYS</subfield><subfield code="d">OCLCQ</subfield></datafield><datafield ind1=" " ind2=" " tag="042"><subfield code="a">msc</subfield></datafield><datafield ind1="0" ind2="0" tag="245"><subfield code="a">Dalton reporter.</subfield></datafield><datafield ind1=" " ind2=" " tag="260"><subfield code="a">Dalton, N.Y. :</subfield><subfield code="b">Burts Print. Service</subfield></datafield><datafield ind1=" " ind2=" " tag="300"><subfield code="a">v.</subfield></datafield><datafield ind1=" " ind2=" " tag="310"><subfield code="a">Weekly</subfield></datafield><datafield ind1="1" ind2=" " tag="362"><subfield code="a">Began in 1937; ceased in 1942?</subfield></datafield><datafield ind1=" " ind2=" " tag="515"><subfield code="a">"Publication suspended for the duration" with Oct. 30, 1942 issue.</subfield></datafield><datafield ind1=" " ind2=" " tag="588"><subfield code="a">Description based on: Vol. 1, no. 41 (Apr. 8, 1938).</subfield></datafield><datafield ind1=" " ind2="4" tag="651"><subfield code="a">Dalton (N.Y.)</subfield><subfield code="v">Newspapers.</subfield></datafield><datafield ind1=" " ind2=" " tag="752"><subfield code="a">United States</subfield><subfield code="b">New York</subfield><subfield code="c">Livingston</subfield><subfield code="d">Dalton.</subfield></datafield></record>